% Encoding: UTF-8

@Misc{bookexample,
 title = {Фамилия И.О. Название книги. — Город издательства: <<Издательство>>, Год. — Количество страниц.}
}

@Misc{wikiSeaBattle,
 title = {Морской бой [Электронный ресурс] Википедия — свободная энцциклопедия. Режим доступа:
 \href{https://en.wikipedia.org/wiki/Sea_Battle}{https://en.wikipedia.org/wiki/Sea_Battle}.},
 urldate = {2024-03-10}
}

@Misc{wikiC++,
  title = {C++ [Электронный ресурс] Википедия — свободная энциклопедия. Режим доступа:
 \href{https://en.wikipedia.org/wiki/C%2B%2B}{https://en.wikipedia.org/wiki/C%2B%2B}.},
 urldate = {2024-03-10}
}

@Misc{wikiRUООП,
 title = {Объектно-ориентированное программирование [Электронный ресурс] Википедия — свободная энцциклопедия. Режим доступа: \href{https://ru.wikipedia.org/wiki/Объектно-ориентированное_программирование}{https://ru.wikipedia.org/wiki/Объектно-ориентированное_программирование}.},
 urldate = {2024-03-10}
}

@Misc{wikiRUImGui,
 title = {TKinter [Электронный ресурс] Википедия — свободная энцциклопедия. Режим доступа: \href{https://ru.wikipedia.org/wiki/Графический_интерфейс_немедленного_режима}{https://ru.wikipedia.org/wiki/Графический_интерфейс_немедленного_режима}.},
 urldate = {2024-03-10}
}

@Misc{wikiRUGeany,
 title = {Geany [Электронный ресурс] Википедия — свободная энцциклопедия. Режим доступа: \href{https://ru.wikipedia.org/wiki/Geany}{https://ru.wikipedia.org/wiki/Geany}.},
 urldate = {2024-03-10}
}


@Comment{jabref-meta: databaseType:biblatex;}
